<record><leader>00000cas a22000007a 4500</leader><controlfield tag="001">17216184</controlfield><controlfield tag="008">871210d19001933wauwr ne      0    0eng d</controlfield><datafield ind1=" " ind2=" " tag="010"><subfield code="a">sn 87093292 </subfield></datafield><datafield ind1=" " ind2=" " tag="040"><subfield code="a">SLZ</subfield><subfield code="b">eng</subfield><subfield code="c">SLZ</subfield><subfield code="d">WAU</subfield><subfield code="d">OCLCQ</subfield><subfield code="d">WAU</subfield><subfield code="d">OCLCQ</subfield></datafield><datafield ind1=" " ind2=" " tag="042"><subfield code="a">msc</subfield></datafield><datafield ind1=" " ind2=" " tag="043"><subfield code="a">n-us-wa</subfield></datafield><datafield ind1="0" ind2="4" tag="245"><subfield code="a">The Enumclaw courier.</subfield></datafield><datafield ind1=" " ind2=" " tag="260"><subfield code="a">Enumclaw, Wash. :</subfield><subfield code="b">V. Van Buskirk</subfield></datafield><datafield ind1=" " ind2=" " tag="300"><subfield code="a">v.</subfield></datafield><datafield ind1=" " ind2=" " tag="310"><subfield code="a">Weekly</subfield></datafield><datafield ind1="1" ind2=" " tag="362"><subfield code="a">Began in 1900.</subfield></datafield><datafield ind1="0" ind2=" " tag="362"><subfield code="a">-v. 33, no. 44 (Sept. 29, 1933).</subfield></datafield><datafield ind1=" " ind2=" " tag="580"><subfield code="a">Merged with: Enumclaw herald, to form: Enumclaw courier-herald.</subfield></datafield><datafield ind1=" " ind2=" " tag="588"><subfield code="a">Description based on: Vol. 14, no. 24 (Jan. 2, 1914).</subfield></datafield><datafield ind1=" " ind2="4" tag="651"><subfield code="a">Enumclaw (Wash.)</subfield><subfield code="v">Newspapers.</subfield></datafield><datafield ind1=" " ind2=" " tag="752"><subfield code="a">United States</subfield><subfield code="b">Washington</subfield><subfield code="c">King</subfield><subfield code="d">Enumclaw.</subfield></datafield><datafield ind1="1" ind2=" " tag="776"><subfield code="c">Microfilm</subfield><subfield code="d">University of Washington Libraries</subfield><subfield code="w">(DLC)  2005252065</subfield><subfield code="w">(OCoLC)57407622</subfield></datafield><datafield ind1="1" ind2="7" tag="785"><subfield code="t">Enumclaw herald</subfield><subfield code="w">(DLC)sn 87093293</subfield><subfield code="w">(OCoLC)17216203</subfield></datafield><datafield ind1="1" ind2="7" tag="785"><subfield code="t">Enumclaw courier-herald</subfield><subfield code="w">(DLC)sn 87093291</subfield><subfield code="w">(OCoLC)17216165</subfield></datafield><datafield ind1="1" ind2=" " tag="029"><subfield code="a">AU@</subfield><subfield code="b">000025785643</subfield></datafield></record>